@inproceedings{41159,
title	= {Ad Click Prediction: a View from the Trenches},
author	= {H. Brendan McMahan and Gary Holt and D. Sculley and Michael Young and Dietmar Ebner and Julian Grady and Lan Nie and Todd Phillips and Eugene Davydov and Daniel Golovin and Sharat Chikkerur and Dan Liu and Martin Wattenberg and Arnar Mar Hrafnkelsson and Tom Boulos and Jeremy Kubica},
year	= {2013},
booktitle	= {Proceedings of the 19th ACM SIGKDD International Conference on Knowledge Discovery and Data Mining (KDD)}
}



@ARTICLE{braams:babel,
	AUTHOR = "Johannes Braams",
	TITLE = "Babel, a Multilingual Style-Option System for Use with LaTeX's Standard Document Styles",
	JOURNAL = {TUGboat},
	VOLUME = {12},
	NUMBER = {2},
	PAGES = {291-301},
	MONTH = "June",
	YEAR = {1991}	}

